
@misc{bell1880photo,
  title={PHOTO PHONE-TRANSMITTER},
  author={BELL, A.G.},
  year={1880},
  month=dec # "~14",
  publisher={Google Patents},
  note={US Patent 235,496}
}

@INPROCEEDINGS{4781063, 
author={Mehta, R. and Deshpande, D. and Kulkarni, K. and Sharma, S. and Divan, D.}, 
booktitle={Energy 2030 Conference, 2008. ENERGY 2008. IEEE}, 
title={LEDs A Competitive Solution for General Lighting Applications}, 
year={2008}, 
month={nov.}, 
volume={}, 
number={}, 
pages={1 -5}, 
keywords={LED;energy consumption;energy efficiency;energy sustainability;light emitting diode;lighting application;solid state lighting;LED lamps;energy conservation;lighting;power consumption;sustainable development;}, 
doi={10.1109/ENERGY.2008.4781063}, 
ISSN={},}


@article{doshi2010control,
  title={Control of solid-state lamps using a multiphase pulsewidth modulation technique},
  author={Doshi, M. and Zane, R.},
  journal={Power Electronics, IEEE Transactions on},
  volume={25},
  number={7},
  pages={1894--1904},
  year={2010},
  publisher={IEEE}
}


@misc{mick2006led,
  title={LED brightness control system for a wide-range of luminance control},
  author={Mick, P.J.},
  year={2006},
  month=jan # "~17",
  publisher={Google Patents},
  note={US Patent 6,987,787}
}


@article{audeh1996performance,
  title={Performance of pulse-position modulation on measured non-directed indoor infrared channels},
  author={Audeh, M.D. and Kahn, J.M. and Barry, J.R.},
  journal={Communications, IEEE Transactions on},
  volume={44},
  number={6},
  pages={654--659},
  year={1996},
  publisher={IEEE}
}

@article{lesh1983capacity,
  title={Capacity limit of the noiseless, energy-efficient optical PPM channel},
  author={Lesh, J.},
  journal={Communications, IEEE Transactions on},
  volume={31},
  number={4},
  pages={546--548},
  year={1983},
  publisher={IEEE}
}

@article{shiu1999differential,
  title={Differential pulse-position modulation for power-efficient optical communication},
  author={Shiu, D. and Kahn, J.M.},
  journal={Communications, IEEE Transactions on},
  volume={47},
  number={8},
  pages={1201--1210},
  year={1999},
  publisher={IEEE}
}

@inproceedings{sibley2003dicode,
  title={Dicode pulse-position modulation: a novel coding scheme for optical-fibre communications},
  author={Sibley, M.J.N.},
  booktitle={Optoelectronics, IEE Proceedings-},
  volume={150},
  pages={125--131},
  year={2003},
  organization={IET}
}


@inproceedings{bai2010joint,
  title={Joint LED dimming and high capacity visible light communication by overlapping PPM},
  author={Bai, B. and Xu, Z. and Fan, Y.},
  booktitle={Wireless and Optical Communications Conference (WOCC), 2010 19th Annual},
  pages={1--5},
   year={2010},
  doi={10.1109/ENERGY.2008.4781063}, 
  organization={IEEE}
}


@article{sugiyama2006experimental,
  title={Experimental investigation of modulation method for visible-light communications},
  author={Sugiyama, H. and Haruyama, S. and Nakagawa, M.},
  journal={IEICE transactions on communications},
  volume={89},
  number={12},
  pages={3393--3400},
  year={2006}
}


@conference{kozawa2008enhancement,
  title={{Enhancement of Optical Wireless Multi-Pulse PPM}},
  author={Kozawa, Y. and Habuchi, H.},
  booktitle={IEEE Global Communications Conference},
  pages={1--5},
  year={2008}
}

@article{linnartz2009code,
  title={{Code division-based sensing of illumination contributions in solid-state lighting systems}},
  author={Linnartz, J.P.M.G. and Feri, L. and Yang, H. and Colak, S.B. and Schenk, T.C.W.},
  journal={IEEE Transactions on Signal Processing},
  volume={57},
  number={10},
  pages={3984--3998},
  year={2009}
}

@conference{sugiyama2007brightness,
  title={{Brightness control methods for illumination and visible-light communication systems}},
  author={Sugiyama, H. and Haruyama, S. and Nakagawa, M.},
  booktitle={Third International Conference on Wireless and Mobile Communications},
  pages={78--78},
  year={2007}
}

@article{velidi1998symbol,
  title={{On symbol synchronization of MPPM sequences}},
  author={Velidi, R. and Georghiades, C.N.},
  journal={IEEE Transactions on Communications},
  volume={46},
  number={5},
  pages={587--589},
  year={1998}
}

@article{velidi1995frame,
  title={{Frame synchronization for optical multi-pulse pulse position modulation}},
  author={Velidi, R. and Georghiades, C.N.},
  journal={IEEE Transactions on Communications},
  volume={43},
  number={234},
  pages={1838--1843},
  year={1995}
}



@article{narendran2005life,
  title={{Life of LED-based white light sources}},
  author={Narendran, N. and Gu, Y.},
  journal={Display Technology, Journal of},
  volume={1},
  number={1},
  pages={167--171},
  year={2005}
}
@article{zeng2007tunable,
  title={{Tunable pulse amplitude and position modulation technique for reliable optical wireless communication channels}},
  author={Zeng, Y. and Green, R.J. and Sun, S. and Leeson, M.S.},
  journal={Journal of Communications},
  volume={2},
  number={2},
  pages={22-28},
  year={2007}
}

@article{garrido2006variable,
  title={{Variable weight MPPM technique for rate-adaptive optical wireless communications}},
  author={Garrido-Balsells, JM and Garcia-Zambrana, A. and Puerta-Notario, A.},
  journal={Electronics Letters},
  volume={42},
  number={1},
  pages={43--44},
  year={2006}
}

@article{xu2009coded,
  title={{Coded PPM and Multipulse PPM and Iterative Detection for Free-Space Optical Links}},
  author={Xu, F. and Khalighi, M.A. and Bourennane, S.},
  journal={IEEE/OSA Journal of Optical Communications and Networking},
  volume={1},
  number={5},
  pages={404--415},
  year={2009}
}

@conference{fang2009apc,
  title={{A Power Converter with Pulse-Level-Modulation Control for Driving High Brightness LEDs}},
  author={Fang, Y. and Siu-Hong Wong and Hok-Sun Ling, L.},
  booktitle={IEEE Applied Power Electronics Conference and Exposition},
  pages={577--581},
  year={2009}
}



@article{garcia2009dimming,
  title={{Dimming of High-Brightness LEDs by Means of Luminous Flux Thermal Estimation}},
  author={Garcia, J. and Dalla-Costa, M.A. and Cardesin, J. and Alonso, J.M. and Rico-Secades, M.},
  journal={IEEE transactions on power electronics},
  volume={24},
  number={3-4},
  pages={1107--1114},
  year={2009}
}


@article{cariolaro1974spectra,
  title={{Spectra of block coded digital signals}},
  author={Cariolaro, G. and Tronca, G.},
  journal={IEEE Transactions on Communications},
  volume={22},
  number={10},
  pages={1555--1564},
  year={1974}
}

@book{toIRF720,
  title={$IRF720$, 3.3A, 400V, 1.800 Ohm, N-Channel Power MOSFET},
  author={Fairchild Semiconductor Corporation},
  Url={www.datasheetcatalog.org/datasheet/fairchild/IRF720.pdf (last accessed on June 30, 2010.)}
}

@misc{TORX173,
  title={$TORX173$, Fiber optic receiving module},
  author={Toshiba},
  Url={http://www.datasheetcatalog.org/datasheet/toshiba/2033.pdf}
}
@misc{TUSB3410,
  title={$TUSB3410$, USB to Serial Port Controller},
  author={Texas Instrument},
  Url={http://www.ti.com/lit/ds/symlink/tusb3410.pdf}
}

@misc{LM7171,
    author 	= {National Semiconductors},
    title 	= {$LM7171$ Data Sheet},
    year 	= {2006},
	Url 	= {http://www.national.com/mpf/LM/LM7171.html}
}

@misc{UC2950,
title={$UC2950$, Half-Bridge Bipolar Switc},
author={Texas Instrument},
Url={http://www.ti.com/lit/ds/symlink/uc2950.pdf}
}

@misc{VLCroom,
title={Visible light illuminates a new approach for wireless comms},
author={Johnson,R.C.},
Date-Added = {6/7/2010 12:01 AM EDT},
Note ={ (Access date: 2011-02-15)},
Url={www.eetimes.com/electronics-news/4199568/Visible-light-illuminates-a-new-approach-for-wireless-comms}
}

@misc{photoTx,
title={Illustration of the photophone's transmitter},
author={Guillemin, Amédée},
Date-Added = {18:50, 18 February 2010},
Note ={ (Access date: 2011-02-15)},
Url={http://en.wikipedia.org/wiki/File:Photophone_transmitter_4074931746_9f996df841_b.jpg}
}

@misc{photoRx,
title={Illustration of the photophone's receiver},
author={Guillemin, Amédée},
Date-Added = {18:59, 18 February 2010},
Note ={ (Access date: 2011-02-15)},
Url={http://en.wikipedia.org/wiki/File:Photophone_receiver_4074172975_288f2808f0_o.jpg}
}


@misc{ledStructure,
title={Light Emitting Diodes (Cambridge Univ Press)},
author={Schubert,E.F.},
Date-Added = {},
Note ={ (Access date: 2011-02-15)},
Url={http://www.ecse.rpi.edu/~schubert/Light-Emitting-Diodes-dot-org/chap21/F21-07 Nichia wh LED structu.jpg}
}


@misc{RGBlight,
title={RGB Color Mixing},
author={Midtiby, Henrik Skov},
Date-Added = {},
Note ={ (Access date: 2011-02-15)},
Url={http://media.texample.net/tikz/examples/PNG/rgb-color-mixing.png}
}


@misc{nexys2,
title={Nexys$^{TM}$2 Spartan-3E FPGA Board},
author={Inc., Digilent},
Date-Added = {},
Note ={ (Access date: 2011-11-25)},
Url={http://digilent.org/Products/Detail.cfm?Prod=NEXYS2}
}


@misc{,
title={},
author={},
Date-Added = {},
Note ={ (Access date: 2011-02-15)},
Url={}
}

@INPROCEEDINGS{siddique2011joint, 
author={Siddique, A.B. and Tahir, M.}, 
booktitle={Consumer Communications and Networking Conference (CCNC), 2011 IEEE}, 
title={Joint brightness control and data transmission for visible light communication systems based on white LEDs}, 
year={2011}, 
month={jan.}, 
volume={}, 
number={}, 
pages={1026 -1030}, 
ISSN={},}

@article{le2009100,
  title={100-Mb/s NRZ visible light communications using a postequalized white LED},
  author={Le Minh, H. and O'Brien, D. and Faulkner, G. and Zeng, L. and Lee, K. and Jung, D. and Oh, Y.J. and Won, E.T.},
  journal={Photonics Technology Letters, IEEE},
  volume={21},
  number={15},
  pages={1063--1065},
  year={2009},
  publisher={IEEE}
}

@article{webber1875discussion,
  title={Discussion on the Heliograph of Mr. Henry Mance},
  author={Webber, RE and Stotherd, RE and Bateman-Champain, RE and Clark, L.},
  journal={Telegraph Engineers, Journal of the Society of},
  volume={4},
  number={10},
  pages={27--33},
  year={1875},
  publisher={IET}
}
@article{schubert2005solid,
  title={Solid-state light sources getting smart},
  author={Schubert, E.F. and Kim, J.K.},
  journal={Science},
  volume={308},
  number={5726},
  pages={1274},
  year={2005},
  publisher={American Association for the Advancement of Science}
}

@inproceedings{levada2006high,
  title={High brightness InGan LEDs degradation at high injection current bias},
  author={Levada, S. and Meneghini, M. and Zanoni, E. and Buso, S. and Spiazzi, G. and Meneghesso, G.},
  booktitle={Reliability Physics Symposium Proceedings, 2006. 44th Annual., IEEE International},
  pages={615--616},
  year={2006},
  organization={IEEE}
}

@inproceedings{dyble2005impact,
  title={Impact of dimming white LEDs: chromaticity shifts due to different dimming methods},
  author={Dyble, M. and Narendran, N. and Bierman, A. and Klein, T.},
  booktitle={Proc. SPIE},
  volume={5941},
  pages={291--299},
  year={2005}
}

@article{sugiyama1989mppm,
  title={MPPM: a method for improving the band-utilization efficiency in optical PPM},
  author={Sugiyama, H. and Nosu, K.},
  journal={Lightwave Technology, Journal of},
  volume={7},
  number={3},
  pages={465--472},
  year={1989},
  publisher={IEEE}
}

@article{hamkins2005multipulse,
  title={Multipulse pulse-position modulation on discrete memoryless channels},
  author={Hamkins, J. and Moision, B.},
  journal={JPL Interplanetary Network Progress Report},
  volume={42},
  pages={161},
  year={2005}
}
@article{van2008electromagnetic,
  title={Electromagnetic interference from radio frequency identification inducing potentially hazardous incidents in critical care medical equipment},
  author={van der Togt, R. and Jan van Lieshout, E. and Hensbroek, R. and Beinat, E. and Binnekade, JM and Bakker, PJM},
  journal={JAMA: The Journal of the American Medical Association},
  volume={299},
  number={24},
  pages={2884},
  year={2008},
  publisher={Am Med Assoc}
}
@article{robinson1997interference,
  title={Interference to medical equipment from mobile phones},
  author={Robinson, MP and Flintoft, ID and Marvin, AC},
  journal={Journal of medical engineering \& technology},
  volume={21},
  number={3-4},
  pages={141--146},
  year={1997},
  publisher={Informa UK Ltd UK}
}
@article{szmigielski1982accelerated,
  title={Accelerated development of spontaneous and benzopyrene-induced skin cancer in mice exposed to 2450-MHz microwave radiation},
  author={Szmigielski, S. and Szudzinski, A. and Pietraszek, A. and Bielec, M. and Janiak, M. and Wrembel, J.K.},
  journal={Bioelectromagnetics},
  volume={3},
  number={2},
  pages={179--191},
  year={1982},
  publisher={Wiley Online Library}
}

@ONLINE{COMNAVSAFECEN,
author = {Naval Safety Center COMNAVSAFECEN},
title = {Acquisition Safety - Radio Frequency Radiation (RFR) Hazards {@ONLINE}},
url = {http://www.public.navy.mil/navsafecen/Pages/acquisition/radio_frequency-radiation.aspx#resources (Access Date: 2012-02-07)}
}
@inproceedings{racherla2000security,
  title={Security and privacy issues in wireless and mobile computing},
  author={Racherla, G. and Saha, D.},
  booktitle={Personal Wireless Communications, 2000 IEEE International Conference on},
  pages={509--513},
  year={2000},
  organization={IEEE}
}

@misc{oleske2008optimizing,
  title={Optimizing in-building wireless signal propagation while ensuring data network security},
  author={Oleske, M.W.},
  year={2008},
  month=mar # "~17",
  note={US Patent App. 20,090/008,146}
}

@misc{VLCC,
  title={What's VLC},
  author={Visible Light Communication Consortium},
  Url={http://www.vlcc.net/modules/xpage1/}
}

@article{le2008high,
  title={High-speed visible light communications using multiple-resonant equalization},
  author={Le Minh, H. and O'Brien, D. and Faulkner, G. and Zeng, L. and Lee, K. and Jung, D. and Oh, Y.J.},
  journal={Photonics Technology Letters, IEEE},
  volume={20},
  number={14},
  pages={1243--1245},
  year={2008},
  publisher={IEEE}
}

@article{agarwal2009effects,
  title={Effects of radiofrequency electromagnetic waves (RF-EMW) from cellular phones on human ejaculated semen: an in vitro pilot study},
  author={Agarwal, A. and Desai, N.R. and Makker, K. and Varghese, A. and Mouradi, R. and Sabanegh, E. and Sharma, R.},
  journal={Fertility and sterility},
  volume={92},
  number={4},
  pages={1318--1325},
  year={2009},
  publisher={Elsevier}
}
@article{wdowiak2007evaluation,
  title={Evaluation of the effect of using mobile phones on male fertility},
  author={Wdowiak, A. and Wdowiak, L. and Wiktor, H.},
  journal={Annals of Agricultural and Environmental Medicine},
  volume={14},
  number={1},
  pages={169--172},
  year={2007}
}

@article{komine2003integrated,
  title={Integrated system of white LED visible-light communication and power-line communication},
  author={Komine, T. and Nakagawa, M.},
  journal={Consumer Electronics, IEEE Transactions on},
  volume={49},
  number={1},
  pages={71--79},
  year={2003},
  publisher={IEEE}
}

@misc{dunning2004inter,
  title={Inter vehicle communication system},
  author={Dunning, G.J. and Hsu, T.Y. and Pepper, D.M. and Au, A.},
  year={2004},
  month=jul # "~20",
  publisher={Google Patents},
  note={US Patent 6,765,495}
}

@inproceedings{arai2007experimental,
  title={Experimental on hierarchical transmission scheme for visible light communication using led traffic light and high-speed camera},
  author={Arai, S. and Mase, S. and Yamazato, T. and Endo, T. and Fujii, T. and Tanimoto, M. and Kidono, K. and Kimura, Y. and Ninomiya, Y.},
  booktitle={Vehicular Technology Conference, 2007. VTC-2007 Fall. 2007 IEEE 66th},
  pages={2174--2178},
  year={2007},
  organization={IEEE}
}

@inproceedings{park2007information,
  title={Information broadcasting system based on visible light signboard},
  author={Park, S.B. and Jung, DK and Shin, HS and Shin, DJ and Hyun, Y.J. and Lee, K. and Oh, YJ},
  booktitle={Wireless and Optical Communications},
  year={2007},
  organization={ACTA Press}
}

@inproceedings{tanaka2009new,
  title={New Position Detection Method Using Image Sensor and Visible Light LEDs},
  author={Tanaka, T. and Haruyama, S.},
  booktitle={Machine Vision, 2009. ICMV'09. Second International Conference on},
  pages={150--153},
  year={2009},
  organization={IEEE}
}

@article{komine2004fundamental,
  title={Fundamental analysis for visible-light communication system using LED lights},
  author={Komine, T. and Nakagawa, M.},
  journal={Consumer Electronics, IEEE Transactions on},
  volume={50},
  number={1},
  pages={100--107},
  year={2004},
  publisher={IEEE}
}

@article{dedes2005indoor,
  title={Indoor GPS Positioning},
  author={Dedes, G. and Dempster, A.G.},
  journal={Challenges and Opportunities},
  year={2005}
}